<?xml version="1.0" encoding="UTF-8"?><collection xmlns="http://www.loc.gov/MARC21/slim"><record><leader>00565nam--2200205-u-4500</leader><controlfield tag="001">000053718</controlfield><controlfield tag="002">20161230</controlfield><controlfield tag="005">20161230201051</controlfield><controlfield tag="008">110601s1000------------r-----000-0-rum-d</controlfield><datafield ind1=" " ind2=" " tag="040"><subfield code="a">IFIN-HH</subfield></datafield><datafield ind1=" " ind2=" " tag="041"><subfield code="a">rum</subfield></datafield><datafield ind1=" " ind2=" " tag="080"><subfield code="a">536.7</subfield></datafield><datafield ind1="1" ind2=" " tag="100"><subfield code="a">Petrescu, Stoian</subfield></datafield><datafield ind1="1" ind2="0" tag="245"><subfield code="a">Principiile termodinamicii</subfield><subfield code="b">Evolutie, fundamentari, aplicatii</subfield><subfield code="c">Stoian petrescu; valeria petrescu</subfield></datafield><datafield ind1=" " ind2=" " tag="260"><subfield code="a">Bucuresti</subfield><subfield code="b">Editura Tehnica</subfield><subfield code="c">1983</subfield></datafield><datafield ind1=" " ind2=" " tag="300"><subfield code="a">294P</subfield></datafield><datafield ind1=" " ind2=" " tag="490"><subfield code="a">Seris Termo-frig</subfield></datafield><datafield ind1="1" ind2=" " tag="700"><subfield code="a">Petrescu, Valeria</subfield></datafield><datafield ind1=" " ind2=" " tag="852"><subfield code="a">71472</subfield><subfield code="c">536.7</subfield></datafield><datafield ind1=" " ind2=" " tag="CAT"><subfield code="a">Sys</subfield><subfield code="c">20110601</subfield><subfield code="h">132139</subfield></datafield></record></collection>